@software{agdaStdlib
         , author = {{The Agda Community}}
         , month = jul
         , title = {{Agda Standard Library}}
         , url = {https://github.com/agda/agda-stdlib}
         , version = {2.1}
         , year = {2024}
         }
